<record><leader>00000cas a2200000 a 4500</leader><controlfield tag="001">2261337</controlfield><controlfield tag="008">760620d18081818paucr ne      0    0eng c</controlfield><datafield ind1=" " ind2=" " tag="010"><subfield code="a">sn 84026086 </subfield></datafield><datafield ind1=" " ind2=" " tag="040"><subfield code="a">PIT</subfield><subfield code="b">eng</subfield><subfield code="c">PIT</subfield><subfield code="d">NPU</subfield><subfield code="d">NPH</subfield><subfield code="d">NPA</subfield><subfield code="d">DLC</subfield><subfield code="d">NPH</subfield><subfield code="d">NPX</subfield><subfield code="d">MFN</subfield><subfield code="d">MGN</subfield><subfield code="d">YOX</subfield><subfield code="d">CNK</subfield><subfield code="d">CNW</subfield><subfield code="d">OCL</subfield><subfield code="d">CVF</subfield><subfield code="d">NYS</subfield><subfield code="d">KRTAS</subfield><subfield code="d">OCLCQ</subfield><subfield code="d">OCLCF</subfield><subfield code="d">OCLCO</subfield></datafield><datafield ind1=" " ind2=" " tag="042"><subfield code="a">pcc</subfield></datafield><datafield ind1=" " ind2=" " tag="043"><subfield code="a">n-us-pa</subfield></datafield><datafield ind1="0" ind2="0" tag="050"><subfield code="a">Newspaper 9512</subfield></datafield><datafield ind1="0" ind2="4" tag="245"><subfield code="a">The Freeman's journal and Columbian chronicle.</subfield></datafield><datafield ind1="3" ind2="0" tag="246"><subfield code="a">Freeman's journal</subfield></datafield><datafield ind1="3" ind2="0" tag="246"><subfield code="a">Columbian chronicle</subfield></datafield><datafield ind1="1" ind2="3" tag="246"><subfield code="a">Freeman's journal, and Philadelphia mercantile advertiser</subfield></datafield><datafield ind1=" " ind2=" " tag="260"><subfield code="a">Philadelphia [Pa.] :</subfield><subfield code="b">William M'Corkle and James Elliot</subfield></datafield><datafield ind1=" " ind2=" " tag="300"><subfield code="a">v. ;</subfield><subfield code="c">56 cm.</subfield></datafield><datafield ind1=" " ind2=" " tag="310"><subfield code="a">Semiweekly,</subfield><subfield code="b">June 2, 1809-June 30, 1817</subfield></datafield><datafield ind1=" " ind2=" " tag="321"><subfield code="a">Triweekly,</subfield><subfield code="b">Dec. 1, 1808-May 31, 1809</subfield></datafield><datafield ind1="1" ind2=" " tag="362"><subfield code="a">Began Dec. 1, 1808; ceased in 1818.</subfield></datafield><datafield ind1=" " ind2=" " tag="500"><subfield code="a">Lacks banner; title from column heading, 1808-May 1809.</subfield></datafield><datafield ind1=" " ind2=" " tag="500"><subfield code="a">"The Freemans journal and" appears within title ornament in small type, June 1809-1818.</subfield></datafield><datafield ind1=" " ind2=" " tag="588"><subfield code="a">Description based on: Jan. 3, 1809.</subfield></datafield><datafield ind1=" " ind2="0" tag="651"><subfield code="a">Philadelphia (Pa.)</subfield><subfield code="v">Newspapers.</subfield></datafield><datafield ind1=" " ind2="0" tag="651"><subfield code="a">Philadelphia County (Pa.)</subfield><subfield code="v">Newspapers.</subfield></datafield><datafield ind1=" " ind2="7" tag="655"><subfield code="a">Newspapers.</subfield><subfield code="2">fast</subfield><subfield code="0">(OCoLC)fst01423814</subfield></datafield><datafield ind1=" " ind2="7" tag="651"><subfield code="a">Pennsylvania</subfield><subfield code="z">Philadelphia.</subfield><subfield code="2">fast</subfield><subfield code="0">(OCoLC)fst01204170</subfield></datafield><datafield ind1=" " ind2="7" tag="651"><subfield code="a">Pennsylvania</subfield><subfield code="z">Philadelphia County.</subfield><subfield code="2">fast</subfield><subfield code="0">(OCoLC)fst01217128</subfield></datafield><datafield ind1=" " ind2=" " tag="752"><subfield code="a">United States</subfield><subfield code="b">Pennsylvania</subfield><subfield code="c">Philadelphia</subfield><subfield code="d">Philadelphia.</subfield></datafield><datafield ind1="1" ind2=" " tag="775"><subfield code="t">Freemans journal and Philadelphia mercantile advertiser</subfield><subfield code="w">(DLC)sn 83025945</subfield><subfield code="w">(OCoLC)10090658</subfield></datafield><datafield ind1="0" ind2="0" tag="780"><subfield code="t">Freeman's journal for the country (Philadelphia, Pa. : 1805)</subfield><subfield code="w">(DLC)sn 87052062</subfield><subfield code="w">(OCoLC)15115978</subfield></datafield><datafield ind1="0" ind2="0" tag="785"><subfield code="t">Freeman's journal, for the country (Philadelphia, Pa. : 1818)</subfield><subfield code="w">(DLC)sn 86072112</subfield><subfield code="w">(OCoLC)14713611</subfield></datafield><datafield ind1=" " ind2=" " tag="938"><subfield code="a">Kirtas Technologies, Inc.</subfield><subfield code="b">KRTS</subfield><subfield code="n">735609</subfield></datafield></record>